@misc{DM2018, 
	title={AlphaZero: Shedding new light on the grand games of chess, shogi and Go},
	howpublished="\url{https://deepmind.com/blog/article/alphazero-shedding-new-light-grand-games-chess-shogi-and-go}",
	journal={Deepmind}, 
	author={DeepMind}, 
	year={2018}, 
	month={Dec},
	note="[Online, accessed 09.09.2019]"
}

@misc{OA2019, 
	title={OpenAI Five Benchmark: Results}, 
	howpublished="\url{https://openai.com/blog/openai-five-benchmark-results/}", 
	journal={OpenAI}, 
	publisher={OpenAI}, 
	author={OpenAI}, 
	year={2019}, 
	month={Apr},
	note="[Online, accessed 09.09.2019]"
}

@misc{DM2019, 
	title={Capture the Flag: the emergence of complex cooperative agents}, 
	howpublished="\url{https://deepmind.com/blog/article/capture-the-flag-science}",
	journal={Deepmind},
	author={DeepMind},
	year={2019},
	month={May},
	note="[Online, accessed 09.09.2019]"
}

@misc{DM2019_2, 
	title={AlphaStar: Mastering the Real-Time Strategy Game StarCraft II}, 
	howpublished="\url{https://deepmind.com/blog/article/alphastar-mastering-real-time-strategy-game-starcraft-ii}",
	journal={Deepmind}, 
	author={DeepMind}, 
	year={2019}, 
	month={Jan},
	note="[Online, accessed 09.09.2019]"
}

@book{SB1998,
	author = {Sutton, Richard S. and Barto, Andrew G.},
	title = {Introduction to Reinforcement Learning},
	year = {1998},
	isbn = {0262193981},
	edition = {1st},
	publisher = {MIT Press},
	address = {Cambridge, MA, USA},
} 

@book{RN2009,
	author = {Russell, Stuart and Norvig, Peter},
	title = {Artificial Intelligence: A Modern Approach},
	year = {2009},
	isbn = {0136042597, 9780136042594},
	edition = {3rd},
	publisher = {Prentice Hall Press},
	address = {Upper Saddle River, NJ, USA},
}

@book{L2018,
  address = {Birmingham, UK},
  author = {Lapan, Maxim},
  isbn = {978-1-78883-424-7},
  publisher = {Packt Publishing},
  subtitle = {Apply Modern RL Methods, with Deep Q-Networks, Value Iteration, Policy Gradients, TRPO, AlphaGo Zero and more},
  title = {Deep Reinforcement Learning Hands-On},
  year = 2018
}
@misc{OAI2016, 
	title={A toolkit for developing and comparing reinforcement learning algorithms}, 
	howpublished="\url{https://gym.openai.com/docs/}", 
	journal={Gym}, 
	author={OpenAI},
	year=2016,
	note="[Online, accessed 23.09.2019]"
}
@article{BSA1983,
  author = {Barto, A. G. and Sutton, R. S. and Anderson, C. W.},
  description = {CCNLab BibTeX},
  journal = {IEEE transactions on Systems, Man, \& Cybernetics},
  keywords = {CCP JRR,},
  number = 5,
  pages = {834-846},
  timestamp = {2008-09-16T23:39:17.000+0200},
  title = {Neuronlike adaptive elements that can solve difficult learning control
	problems},
  volume = 13,
  year = 1983
}

@misc{OAI2016_2, 
	title={the CartPole-v0 environment}, 
	howpublished="\url{https://gym.openai.com/envs/CartPole-v0/}", 
	journal={OpenAI Gym}, 
	author={OpenAI},
	year=2016,
	note="[Online, accessed 25.09.2019]"
}
